<record><leader>00000cas a2200000 a 4500</leader><controlfield tag="001">9309756</controlfield><controlfield tag="008">830315d18uu1869cauwr ne      0    0eng  </controlfield><datafield ind1=" " ind2=" " tag="010"><subfield code="a">sn 82016393 </subfield></datafield><datafield ind1=" " ind2=" " tag="040"><subfield code="a">DLC</subfield><subfield code="b">eng</subfield><subfield code="c">DLC</subfield><subfield code="d">NPX</subfield><subfield code="d">DLC</subfield><subfield code="d">MGN</subfield><subfield code="d">CNK</subfield><subfield code="d">OCL</subfield><subfield code="d">DLC</subfield><subfield code="d">OCLCQ</subfield><subfield code="d">CNK</subfield><subfield code="d">OCLCQ</subfield><subfield code="d">OCLCO</subfield><subfield code="d">OCLCF</subfield></datafield><datafield ind1=" " ind2=" " tag="042"><subfield code="a">pcc</subfield></datafield><datafield ind1=" " ind2=" " tag="043"><subfield code="a">n-us-ca</subfield></datafield><datafield ind1="0" ind2="0" tag="050"><subfield code="a">Newspaper Microfilm 2779</subfield></datafield><datafield ind1="0" ind2=" " tag="130"><subfield code="a">San Jose mercury (San Jose, Calif. : 1860)</subfield></datafield><datafield ind1="1" ind2="0" tag="245"><subfield code="a">San Jose mercury.</subfield></datafield><datafield ind1="1" ind2="3" tag="246"><subfield code="a">San Jose weekly mercury</subfield></datafield><datafield ind1=" " ind2=" " tag="260"><subfield code="a">San Jose, Calif. :</subfield><subfield code="b">Wm. N. Slocum,</subfield><subfield code="c">-1869.</subfield></datafield><datafield ind1=" " ind2=" " tag="300"><subfield code="a">v.</subfield></datafield><datafield ind1=" " ind2=" " tag="310"><subfield code="a">Weekly</subfield></datafield><datafield ind1="0" ind2=" " tag="362"><subfield code="a">-v. 17, no. 11 (July 22, 1869).</subfield></datafield><datafield ind1=" " ind2=" " tag="500"><subfield code="a">The word "weekly" appears above the logo for various issues after July 29, 1859.</subfield></datafield><datafield ind1=" " ind2=" " tag="500"><subfield code="a">Publishers: Owen &amp; Cottle; J.J. Owen &amp; Co.</subfield></datafield><datafield ind1=" " ind2=" " tag="530"><subfield code="a">Available on microfilm from the Library of Congress, Photoduplication Service.</subfield></datafield><datafield ind1=" " ind2=" " tag="530"><subfield code="a">Master negatives are available for duplication from:</subfield><subfield code="b">California Newspaper Microfilm Archive;</subfield><subfield code="c">positive copies may be purchased by the reel; for further information consult the CNMA at:</subfield><subfield code="u">http://cbsr.ucr.edu</subfield></datafield><datafield ind1=" " ind2=" " tag="588"><subfield code="a">Description based on: Vol. 9, no. 34 (Dec. 27, 1860).</subfield></datafield><datafield ind1=" " ind2="0" tag="651"><subfield code="a">San Jose (Calif.)</subfield><subfield code="v">Newspapers.</subfield></datafield><datafield ind1=" " ind2="0" tag="651"><subfield code="a">Santa Clara County (Calif.)</subfield><subfield code="v">Newspapers.</subfield></datafield><datafield ind1=" " ind2="7" tag="655"><subfield code="a">Newspapers.</subfield><subfield code="2">fast</subfield><subfield code="0">(OCoLC)fst01423814</subfield></datafield><datafield ind1=" " ind2="7" tag="651"><subfield code="a">California</subfield><subfield code="z">San Jose.</subfield><subfield code="2">fast</subfield><subfield code="0">(OCoLC)fst01206320</subfield></datafield><datafield ind1=" " ind2="7" tag="651"><subfield code="a">California</subfield><subfield code="z">Santa Clara County.</subfield><subfield code="2">fast</subfield><subfield code="0">(OCoLC)fst01206015</subfield></datafield><datafield ind1=" " ind2=" " tag="752"><subfield code="a">United States</subfield><subfield code="b">California</subfield><subfield code="c">Santa Clara</subfield><subfield code="d">San Jose.</subfield></datafield><datafield ind1="0" ind2=" " tag="775"><subfield code="t">San Jose daily Mercury (San Jose, Calif. : 1867)</subfield><subfield code="w">(DLC)sn 93051580</subfield><subfield code="w">(OCoLC)28399948</subfield></datafield><datafield ind1="0" ind2=" " tag="775"><subfield code="t">San Jose daily Mercury (San Jose, Calif. : 1869)</subfield><subfield code="w">(DLC)sn 85025109</subfield><subfield code="w">(OCoLC)11580420</subfield></datafield><datafield ind1="0" ind2="0" tag="780"><subfield code="t">San Jose telegraph</subfield><subfield code="w">(DLC)sn 84026889</subfield><subfield code="w">(OCoLC)10802603</subfield></datafield><datafield ind1="0" ind2="0" tag="785"><subfield code="t">San Jose weekly Mercury (San Jose, Calif. : 1869)</subfield><subfield code="w">(DLC)sn 82014047</subfield><subfield code="w">(OCoLC)8786404</subfield></datafield></record>